@inbook{Campello2013,
    title     = {Density-Based Clustering Based on Hierarchical Density Estimates},
    isbn      = {9783642374562},
    issn      = {1611-3349},
    url       = {http://dx.doi.org/10.1007/978-3-642-37456-2_14},
    doi       = {10.1007/978-3-642-37456-2_14},
    booktitle = {Lecture Notes in Computer Science},
    publisher = {Springer Berlin Heidelberg},
    author    = {Campello,  Ricardo J. G. B. and Moulavi,  Davoud and Sander,  Joerg},
    year      = {2013},
    pages     = {160–172}
}


@inproceedings{Malzer2020,
    title     = {A Hybrid Approach To Hierarchical Density-based Cluster Selection},
    url       = {http://dx.doi.org/10.1109/MFI49285.2020.9235263},
    doi       = {10.1109/mfi49285.2020.9235263},
    booktitle = {2020 IEEE International Conference on Multisensor Fusion and Integration for Intelligent Systems (MFI)},
    publisher = {IEEE},
    author    = {Malzer,  Claudia and Baum,  Marcus},
    year      = {2020},
    month     = sep
}


@article{McInnes2017,
    doi       = {10.21105/joss.00205},
    url       = {https://doi.org/10.21105%2Fjoss.00205},
    year      = {2017},
    month     = {mar},
    publisher = {The Open Journal},
    volume    = {2},
    number    = {11},
    author    = {Leland McInnes and John Healy and Steve Astels},
    title     = {hdbscan: Hierarchical density based clustering},
    journal   = {The Journal of Open Source Software}
}

@article{OGLE_IV_a_MC,
    author        = {{Soszy{\'n}ski}, I. and {Udalski}, A. and {Szyma{\'n}ski}, M.~K. and {Pietrzy{\'n}ski}, G. and {Wyrzykowski}, {\L}. and {Ulaczyk}, K. and {Poleski}, R. and {Pietrukowicz}, P. and {Koz{\l}owski}, S. and {Skowron}, J. and {Skowron}, D. and {Mr{\'o}z}, P. and {Pawlak}, M.},
    title         = {{The OGLE Collection of Variable Stars. Anomalous Cepheids in the Magellanic Clouds}},
    journal       = {\actaa},
    keywords      = {Cepheids, Stars: oscillations, Stars: Population II, Magellanic Clouds, Astrophysics - Solar and Stellar Astrophysics, Astrophysics - Astrophysics of Galaxies},
    year          = {2015},
    month         = sep,
    volume        = {65},
    number        = {3},
    pages         = {233-250},
    doi           = {10.48550/arXiv.1508.00907},
    archiveprefix = {arXiv},
    eprint        = {1508.00907},
    primaryclass  = {astro-ph.SR},
    adsurl        = {https://ui.adsabs.harvard.edu/abs/2015AcA....65..233S},
    adsnote       = {Provided by the SAO/NASA Astrophysics Data System}
}
@article{OGLE_IV_all_GAL,
    author        = {{Soszy{\'n}ski}, I. and {Udalski}, A. and {Szyma{\'n}ski}, M.~K. and {Wyrzykowski}, {\L}. and {Ulaczyk}, K. and {Poleski}, R. and {Pietrukowicz}, P. and {Koz{\l}owski}, S. and {Skowron}, D.~M. and {Skowron}, J. and {Mr{\'o}z}, P. and {Pawlak}, M. and {Rybicki}, K. and {Jacyszyn-Dobrzeniecka}, A.},
    title         = {{The OGLE Collection of Variable Stars. Classical, Type II, and Anomalous Cepheids toward the Galactic Center}},
    journal       = {\actaa},
    keywords      = {Stars: variables: Cepheids, Stars: variables: RR Lyrae, Stars: oscillations, Galaxy: center, Catalogs, Astrophysics - Solar and Stellar Astrophysics},
    year          = {2017},
    month         = dec,
    volume        = {67},
    number        = {4},
    pages         = {297-316},
    doi           = {10.32023/0001-5237/67.4.1},
    archiveprefix = {arXiv},
    eprint        = {1712.01307},
    primaryclass  = {astro-ph.SR},
    adsurl        = {https://ui.adsabs.harvard.edu/abs/2017AcA....67..297S},
    adsnote       = {Provided by the SAO/NASA Astrophysics Data System}
}


@article{OGLE_IV_cep_MC,
    adsnote       = {Provided by the SAO/NASA Astrophysics Data System},
    adsurl        = {https://ui.adsabs.harvard.edu/abs/2015AcA....65..297S},
    archiveprefix = {arXiv},
    author        = {{Soszy{\'n}ski}, I. and {Udalski}, A. and {Szyma{\'n}ski}, M.~K. and {Skowron}, D. and {Pietrzy{\'n}ski}, G. and {Poleski}, R. and {Pietrukowicz}, P. and {Skowron}, J. and {Mr{\'o}z}, P. and {Koz{\l}owski}, S. and {Wyrzykowski}, {\L}. and {Ulaczyk}, K. and {Pawlak}, M.},
    doi           = {10.48550/arXiv.1601.01318},
    eprint        = {1601.01318},
    journal       = {\actaa},
    number        = {4},
    pages         = {297-312},
    primaryclass  = {astro-ph.SR},
    title         = {{The OGLE Collection of Variable Stars. Classical Cepheids in the Magellanic System}},
    volume        = {65},
    year          = {2015}
}

@article{OGLE_IV_system,
    adsnote       = {Provided by the SAO/NASA Astrophysics Data System},
    adsurl        = {https://ui.adsabs.harvard.edu/abs/2015AcA....65....1U},
    archiveprefix = {arXiv},
    author        = {{Udalski}, A. and {Szyma{\'n}ski}, M.~K. and {Szyma{\'n}ski}, G.},
    doi           = {10.48550/arXiv.1504.05966},
    eprint        = {1504.05966},
    journal       = {\actaa},
    number        = {1},
    pages         = {1-38},
    primaryclass  = {astro-ph.SR},
    title         = {{OGLE-IV: Fourth Phase of the Optical Gravitational Lensing Experiment}},
    volume        = {65},
    year          = {2015}
}


@article{OGLE_IV_t2_MC,
    author        = {{Soszy{\'n}ski}, I. and {Udalski}, A. and {Szyma{\'n}ski}, M.~K. and {Wyrzykowski}, {\L}. and {Ulaczyk}, K. and {Poleski}, R. and {Pietrukowicz}, P. and {Koz{\l}owski}, S. and {Skowron}, D. and {Skowron}, J. and {Mr{\'o}z}, P. and {Rybicki}, K. and {Iwanek}, P.},
    title         = {{The OGLE Collection of Variable Stars. Type II Cepheids in the Magellanic System}},
    journal       = {\actaa},
    keywords      = {Stars: variables: Cepheids, Stars: oscillations, Stars: Population II, Magellanic Clouds, Catalogs, Astrophysics - Solar and Stellar Astrophysics},
    year          = {2018},
    month         = jun,
    volume        = {68},
    number        = {2},
    pages         = {89-109},
    doi           = {10.32023/0001-5237/68.2.1},
    archiveprefix = {arXiv},
    eprint        = {1807.00008},
    primaryclass  = {astro-ph.SR},
    adsurl        = {https://ui.adsabs.harvard.edu/abs/2018AcA....68...89S},
    adsnote       = {Provided by the SAO/NASA Astrophysics Data System}
}


@article{Pietrukowicz2021,
    place     = {PL},
    title     = {Classical Cepheids in the Milky Way},
    volume    = {71},
    issn      = {00015237},
    url       = {https://doi.org/10.32023/0001-5237/71.3.2},
    doi       = {10.32023/0001-5237/71.3.2},
    number    = {3},
    journal   = {\actaa},
    publisher = {Copernicus Foundation for Polish Astronomy},
    author    = {Pietrukowicz,  P. and Soszyński,  I. and Udalski,  A.},
    year      = {2021},
    month     = Nov,
    pages     = {205–222}
}

@article{Riess2023,
    author        = {{Riess}, Adam G. and {Anand}, Gagandeep S. and {Yuan}, Wenlong and {Casertano}, Stefano and {Dolphin}, Andrew and {Macri}, Lucas M. and {Breuval}, Louise and {Scolnic}, Dan and {Perrin}, Marshall and {Anderson}, Richard I.},
    title         = {{Crowded No More: The Accuracy of the Hubble Constant Tested with High-resolution Observations of Cepheids by JWST}},
    journal       = {\apjl},
    keywords      = {Hubble constant, 758, Astrophysics - Cosmology and Nongalactic Astrophysics},
    year          = {2023},
    month         = oct,
    volume        = {956},
    number        = {1},
    eid           = {L18},
    pages         = {L18},
    doi           = {10.3847/2041-8213/acf769},
    archiveprefix = {arXiv},
    eprint        = {2307.15806},
    primaryclass  = {astro-ph.CO},
    adsurl        = {https://ui.adsabs.harvard.edu/abs/2023ApJ...956L..18R},
    adsnote       = {Provided by the SAO/NASA Astrophysics Data System}
}

@article{Simon1981,
    author   = {{Simon}, N.~R. and {Lee}, A.~S.},
    title    = {{The structural properties of cepheid light curves.}},
    journal  = {\apj},
    keywords = {Cepheid Variables, Light Curve, Stellar Oscillations, Stellar Structure, Fourier Analysis, Hertzsprung-Russell Diagram, Stellar Models, Astrophysics},
    year     = {1981},
    month    = aug,
    volume   = {248},
    pages    = {291-297},
    doi      = {10.1086/159153},
    adsurl   = {https://ui.adsabs.harvard.edu/abs/1981ApJ...248..291S},
    adsnote  = {Provided by the SAO/NASA Astrophysics Data System}
}